<?xml version="1.0" encoding="UTF-8"?><collection xmlns="http://www.loc.gov/MARC21/slim"><record><leader>00572nam--2200205-i-4500</leader><controlfield tag="001">000017656</controlfield><controlfield tag="002">20161230</controlfield><controlfield tag="005">20161230201032</controlfield><controlfield tag="008">060222s1000------------r-----000-0-fre-d</controlfield><datafield ind1=" " ind2=" " tag="040"><subfield code="a">IFIN-HH</subfield></datafield><datafield ind1=" " ind2=" " tag="041"><subfield code="a">fre</subfield></datafield><datafield ind1=" " ind2=" " tag="080"><subfield code="a">539.122</subfield></datafield><datafield ind1="1" ind2=" " tag="100"><subfield code="a">Aude, G</subfield></datafield><datafield ind1="1" ind2="0" tag="245"><subfield code="a">Spectres gamma de radioelements formes par irradiation sous neutrons de 14 mev</subfield><subfield code="c">G. aude, j</subfield></datafield><datafield ind1=" " ind2=" " tag="260"><subfield code="a">Paris</subfield><subfield code="b">Presses Universitaires De France</subfield><subfield code="c">1963</subfield></datafield><datafield ind1=" " ind2=" " tag="300"><subfield code="a">/PAG.DIF.</subfield></datafield><datafield ind1=" " ind2=" " tag="490"><subfield code="a">Sar-g</subfield></datafield><datafield ind1="1" ind2=" " tag="700"><subfield code="a">Laverlochere, J. Laverlochere</subfield></datafield><datafield ind1=" " ind2=" " tag="852"><subfield code="a">29722</subfield><subfield code="c">539.12</subfield></datafield><datafield ind1=" " ind2=" " tag="CAT"><subfield code="a">Sys</subfield><subfield code="c">20111117</subfield><subfield code="h">090601</subfield></datafield></record></collection>